@book{meneghetti2010lezioni,
  title={Lezioni di {M}eccanica {A}pplicata alle {M}acchine},
  author={Meneghetti, U. and Maggiore, A. and Funaioli, E.},
  number={v. 1,v. 2,v. 3},
  isbn={9788855530927},
  series={Lezioni di meccanica applicata alle macchine},
  url={https://books.google.it/books?id=bHJ9kgAACAAJ},
  year={2010},
  publisher={P{\`a}tron}
}

@book{giusti2000tecnologia,
  title={Tecnologia {M}eccanica e {S}tudi di {F}abbricazione},
  author={Giusti, F. and Santochi, M.},
  isbn={9788808084873},
  url={https://books.google.it/books?id=okP9swEACAAJ},
  year={2000},
  publisher={CEA}
}
@book{dossena2020macchine,
  title={Macchine a {F}luido},
  author={Dossena},
  isbn={9788825174311},
  url={https://books.google.it/books?id=3LaOzQEACAAJ},
  year={2020},
  publisher={Citt{\`a}Studi}
}
@book{juvinall1983fundamentals,
  title={Fundamentals of Machine Component Design},
  author={Juvinall, R.C.},
  isbn={9780471064855},
  lccn={lc82021952},
  url={https://books.google.it/books?id=QelSAAAAMAAJ},
  year={1983},
  publisher={Wiley}
}
@book{manfe1983disegno,
  title={Disegno {M}eccanico: corso completo in tre volumi},
  author={Manf{\`e}, G. and Pozza, R. and Scarato, G.},
  number={v. 1,v. 2,v. 3},
  year={1983},
  publisher={Principato}
}

@book{caligaris2005manuale,
  title={Manuale di {M}eccanica},
  author={Caligaris, L. and Fava, S. and Tomasello, C.},
  isbn={9788820329013},
  url={https://books.google.it/books?id=HJtwAAAACAAJ},
  year={2005},
  publisher={Hoepli}
}
@article{NormativaVSR,
  title={Raccolta {VSR}},
  author={Istituto superiore per la prevenzione e la sicurezza del lavoro},
  year={1999},
  publisher={Dipartimento documentazione, informazione e formazione}
}
@article{CatalogoSerbatoio,
  title={Catalogo {B}aglioni},
  author={Baglioni pressure solutions}
}
@article{CatalogoCuscinetti,
  title={Catalogo cuscinetti radiali a sfere},
  author={{SKF}}
}
@article{CatalogoMotoreElettrico,
  title={Catalovo {N}uova {O}mas},
  author={Gioacchino Alpa},
  year={2012}
}
@article{CatalogoCinghia,
 title={Catalogo {P}i {B}elt},
 author={Pizzirani}
}