@book{juvinall1983fundamentals,
  title={Fundamentals of Machine Component Design},
  author={Juvinall, R.C.},
  isbn={9780471064855},
  lccn={lc82021952},
  url={https://books.google.it/books?id=QelSAAAAMAAJ},
  year={1983},
  publisher={Wiley}
}
@book{manfe1983disegno,
  title={Disegno {M}eccanico: corso completo in tre volumi},
  author={Manf{\`e}, G. and Pozza, R. and Scarato, G.},
  number={v. 1,v. 2,v. 3},
  year={1983},
  publisher={Principato}
}
@article{CatalogoCuscinetti,
  title={Catalogo cuscinetti volventi},
  author={{SKF}}
}

@article{CatalogoTenute,
  title={Catalogo tenute rotanti},
  author={{SKF}}
}